@book{loudon,
  title={The Quantum Theory of Light},
  author={R. Loudon},
  year={2000},
  publisher={Oxford University Press}
}
@book{qnoise,
  title={Quantum Noise: A Handbook of Markovian and Non-Markovian Quantum Stochastic Methods with Applications to Quantum Optics},
  author={Gardiner, C. and Zoller, P.},
  series={Springer Series in Synergetics},
  year={2004},
  publisher={Springer}
}
@article{qutip,
	doi = {10.1016/j.cpc.2012.02.021},
	year = 2012,
	month = {Aug},
	publisher = {Elsevier {BV}},
	volume = {183},
	number = {8},
	pages = {1760--1772},
	author = {J.R. Johansson and P.D. Nation and Franco Nori},
	title = {{QuTiP}: An open-source Python framework for the dynamics of open quantum systems},
	journal = {Computer Physics Communications}
}
@article{qsensing,
author = {Lawrie, B. J. and Lett, P. D. and Marino, A. M. and Pooser, R. C.},
title = {Quantum Sensing with Squeezed Light},
journal = {ACS Photonics},
volume = {6},
number = {6},
pages = {1307-1318},
year = {2019},
doi = {10.1021/acsphotonics.9b00250},
}
